<collection xmlns="http://www.loc.gov/MARC21/slim">
<record>
  <leader>01121nam0a22002291i 450 </leader>
  <controlfield tag="001">IT\ICCU\CNCE\070676</controlfield>
  <controlfield tag="005">20070511000000.0</controlfield>
  <datafield tag="012" ind1=" " ind2=" ">
    <subfield code="a">geub e.il geie dtss (C) 1539 (Q)</subfield>
    <subfield code="2">fei</subfield>
  </datafield>
  <datafield tag="100" ind1=" " ind2=" ">
    <subfield code="a">20070511f1539        0itac0103    ba</subfield>
  </datafield>
  <datafield tag="101" ind1=" " ind2=" ">
    <subfield code="a">GER</subfield>
  </datafield>
  <datafield tag="102" ind1=" " ind2=" ">
    <subfield code="a">IT</subfield>
  </datafield>
  <datafield tag="200" ind1="1" ind2=" ">
    <subfield code="a">℗Ain ℗kurze auslegung und verklerung der neuen mappen von den alten Gt̲tenreich und andern nordlenden sampt mit den uunderlichen dingen in land und uasser darinnen begriffen biss her also klerlich nieintuuelt geschriben. Vnd zu lob und eer der kiinigkliche stat Danzig in Prayssen und gemainer nutz durch Olaum Magnum Gotthum Lincopen. aussgangen in Venedig nach Christi geburt 1539</subfield>
  </datafield>
  <datafield tag="210" ind1=" " ind2=" ">
    <subfield code="d">\1539!</subfield>
  </datafield>
  <datafield tag="215" ind1=" " ind2=" ">
    <subfield code="a">\8! c.</subfield>
    <subfield code="c">ill.</subfield>
    <subfield code="d"> 4ʻ</subfield>
  </datafield>
  <datafield tag="300" ind1=" " ind2=" ">
    <subfield code="a">Stampata presumibilmente a Venezia</subfield>
  </datafield>
  <datafield tag="620" ind1=" " ind2=" ">
    <subfield code="a">IT</subfield>
    <subfield code="d">Venezia</subfield>
  </datafield>
  <datafield tag="700" ind1=" " ind2="1">
    <subfield code="a">Magnus,</subfield>
    <subfield code="b">Olaus</subfield>
    <subfield code="3">IT\ICCU\CNCA\006620</subfield>
  </datafield>
  <datafield tag="712" ind1="0" ind2="2">
    <subfield code="a">s.n.</subfield>
    <subfield code="3">IT\ICCU\CNCT\000002</subfield>
    <subfield code="4">650</subfield>
  </datafield>
  <datafield tag="790" ind1=" " ind2="0">
    <subfield code="a">Olao</subfield>
    <subfield code="c"> : Magno</subfield>
    <subfield code="3">IT\ICCU\CNCA\006746</subfield>
    <subfield code="z">Magnus, Olaus</subfield>
  </datafield>
  <datafield tag="790" ind1=" " ind2="1">
    <subfield code="a">Mansson,</subfield>
    <subfield code="b">Olaf</subfield>
    <subfield code="3">IT\ICCU\CNCA\017875</subfield>
    <subfield code="z">Magnus, Olaus</subfield>
  </datafield>
  <datafield tag="801" ind1=" " ind2="3">
    <subfield code="a">IT</subfield>
    <subfield code="b">ICCU</subfield>
    <subfield code="c">20201115</subfield>
  </datafield>
  <datafield tag="899" ind1=" " ind2=" ">
    <subfield code="a">Biblioteca Apostolica Vaticana. Citt ̉del Vaticano</subfield>
    <subfield code="1">EX0001</subfield>
    <subfield code="2">ZCV 01</subfield>
  </datafield>
</record>
</collection>
